@inbook{Binder2014, 
place={Cambridge}, 
edition={4}, 
title={Monte Carlo renormalization group methods}, 
DOI={10.1017/CBO9781139696463.010}, 
booktitle={A Guide to Monte Carlo Simulations in Statistical Physics}, publisher={Cambridge University Press}, 
author={Landau, David P. and Binder, Kurt}, 
year={2014}, 
pages={364â€“377}
}


@inbook{SwendsenDetail,
  title={Monte Carlo Renormalization},
  booktitle={Real-space renormalization},
  pages={57-84},
  author={Swendsen, Robert H.},
  editor={Burkhardt, T.W. and van Leeuwen, J. M. J.},
  isbn={9780387114590},
  series={Topics in current physics},
  year={1982},
  publisher={Springer-Verlag}
}

@article{Onsager1944,
  title = {Crystal Statistics. I. A Two-Dimensional Model with an Order-Disorder Transition},
  author = {Onsager, Lars},
  journal = {Phys. Rev.},
  volume = {65},
  issue = {3-4},
  pages = {117--149},
  numpages = {0},
  year = {1944},
  month = {Feb},
  publisher = {American Physical Society},
  doi = {10.1103/PhysRev.65.117},
  url = {https://link.aps.org/doi/10.1103/PhysRev.65.117}
}

@article{Wolff1989,
  title = {Collective Monte Carlo Updating for Spin Systems},
  author = {Wolff, Ulli},
  journal = {Phys. Rev. Lett.},
  volume = {62},
  issue = {4},
  pages = {361--364},
  numpages = {0},
  year = {1989},
  month = {Jan},
  publisher = {American Physical Society},
  doi = {10.1103/PhysRevLett.62.361},
  url = {https://link.aps.org/doi/10.1103/PhysRevLett.62.361}
}
